% Список використаних джерел. Мануал по BibTeX знаходиться тут https://en.wikipedia.org/wiki/BibTeX

@BOOK{DUMMY:1,
AUTHOR = {M. Wooldridge},
TITLE = {An Introduction to MultiAgent Systems},
PUBLISHER = {2009 John Wiley and Sons Ltd},
YEAR = {2004},
edition = {2nd Edition},
}
@BOOK{DUMMY:2,
AUTHOR = {Leon Sterling and Kuldar Taveter},
TITLE = {The Art of Agent-Oriented Modeling},
PUBLISHER = {The MIT Press},
YEAR = {2009},
edition = {1st Edition},
}
@BOOK{DUMMY:3,
AUTHOR = {Gerhard Weiss},
TITLE = {Multiagent systems - a modern approcach to distributed artificial intelligence},
PUBLISHER = {Massachusetts institute of technology},
YEAR = {1999},
edition = {1st Edition},
}
@BOOK{DUMMY:5,
AUTHOR = {Radovan Cervenka and Ivan Trencansky},
TITLE = {Agent Technology - Foundations, Applications,and Markets},
PUBLISHER = {Birkhuser},
YEAR = {1998},
edition = {1st Edition},
}
@BOOK{jadeBook,
AUTHOR = {Fabio Luigi Bellifemine, Giovanni Caire, Dominic Greenwood},
TITLE = {Developing Multi-Agent Systems with JADE},
PUBLISHER = {John Wiley and sons ltd.},
YEAR = {2007}
}
@ARTICLE{DUMMY:6,
 author       = "Michael Wooldridge and Nicholas R. Jennings",
 title        = "Intelligent agents: theory and practice",
 journal      = "The Knowledge Engineering Review",
 volume       = 10,
 number       = 2,
 year         = 1955,
 pages        = "115--152",
 language     = "english"
}

@ARTICLE{DUMMY:7,
 author       = "Hallvard Tratteberg, Alf Inge Wang, Shang Gao",
 title        = "A Workflow for Model Driven Game Development",
 journal      = "IEEE 19th International Enterprise Distributed Object Computing Conference",
 year         = 2015,
 language     = "english"
}

% agent platforms
@MISC{ap1,
   author =       {Kalliopi Kravari, Nick Bassiliades },
   title =        {A Survey of Agent Platforms},
   editor =       {Flaminio Squazzoni, Andreas Koch},
   month =        {January},
   year =         {2015},
   url = {http://jasss.soc.surrey.ac.uk/18/1/11.html},
   note =         {[Оnline]},
 }
 @MISC{ap2,
   author =       {Florin Leon, Marcin Paprzycki, Maria Ganzha },
   title =        {A Review of Agent Platforms},
   month =        {November},
   year =         {2015},
   url = {http://florinleon.byethost24.com/cost_ic1404/agent_platforms.htm?i=1},
   note =         {[Available oline; ICT COST Action IC1404, Multi-Paradigm Modelling for Cyber-Physical Systems (MPM4CPS)]},
 }
 @MISC{ap3,
   author =       {Rafal Leszczyna},
   title =        {Evaluation of Agent Platforms},
   editor =       { European Communities},
   year =         {2008},
   url = {http://publications.jrc.ec.europa.eu/repository/bitstream/JRC47224/reqno_jrc47224.pdf},
   note =         {[Available online; Technical Report]},
 }
  @MISC{ap4,
   author =       {Costin Badica, Zoran Budimac, Hans-Dieter Burkhard, Mirjana Ivanovic},
   title =        {Software Agents: Languages, Tools, Platforms},
   editor =       {ComSIS},
   year =         {2011},
   url = {http://www.comsis.org/pdf.php?id=305-1012},
   note =         {[Available online]},
 }
   @MISC{ap5,
   author =       {Thania Rendon-Sallard, Miquel Sanchez-Marre},
   editor =       {Knowledge Engeneering and Mashine Learning Group},
   title =        {A review on Multi-Agent platforms and Environmental Decision Support Systems Simulation tools},
   url = {https://upcommons.upc.edu/bitstream/handle/2117/87344/R06-4.pdf},
   note =         {[Available online]},
 }
   @MISC{JAVAap,
   author =       {Pavel Vrba},
   title =        {JAVA-based Agent Platforms Evaluation},
   editor =       {Rockwell Automation Research Center},
   url = {https://pdfs.semanticscholar.org/e88e/058ea74658aee012b9a9b1f97a56c42bd0f3.pdf},
   note =         {[Available online]},
 }


@online{wikiGameDev,
  title    = {Video game development},
  url      = {https://en.wikipedia.org/wiki/Video_game_development},
}
@online{wikiSoft,
  title    = {Comparison of agent-based modeling software},
  url      = {https://en.wikipedia.org/wiki/Comparison_of_agent-based_modeling_software},
}
@online{jadeDoc,
  title    = {JADE site},
  url      = {http://jade.tilab.com/},
}
@online{warcraft,
  title    = {Warcraft: Orcs & Humans},
  url      = {https://en.wikipedia.org/wiki/Warcraft:_Orcs_%26_Humans},
}
